<record><leader>00000cas a22000007a 4500</leader><controlfield tag="001">29676606</controlfield><controlfield tag="008">940124d193419uunyuwr ne      0    0eng d</controlfield><datafield ind1=" " ind2=" " tag="010"><subfield code="a">sn 94057510 </subfield></datafield><datafield ind1=" " ind2=" " tag="040"><subfield code="a">NYS</subfield><subfield code="b">eng</subfield><subfield code="c">NYS</subfield><subfield code="d">OCLCQ</subfield></datafield><datafield ind1=" " ind2=" " tag="042"><subfield code="a">msc</subfield></datafield><datafield ind1="0" ind2="0" tag="245"><subfield code="a">News-topics.</subfield></datafield><datafield ind1=" " ind2=" " tag="260"><subfield code="a">Dunkirk, N.Y. :</subfield><subfield code="b">News Topics</subfield></datafield><datafield ind1=" " ind2=" " tag="300"><subfield code="a">v.</subfield></datafield><datafield ind1=" " ind2=" " tag="310"><subfield code="a">Weekly</subfield></datafield><datafield ind1="1" ind2=" " tag="362"><subfield code="a">Vol. 1, no. 1 (Dec. 22, 1934)-</subfield></datafield><datafield ind1=" " ind2=" " tag="500"><subfield code="a">Editors: John F. Miehl &amp; Adam J. Sysol, 1934-</subfield></datafield><datafield ind1=" " ind2="4" tag="651"><subfield code="a">Dunkirk (N.Y.)</subfield><subfield code="v">Newspapers.</subfield></datafield><datafield ind1=" " ind2=" " tag="752"><subfield code="a">United States</subfield><subfield code="b">New York</subfield><subfield code="c">Chautauqua</subfield><subfield code="d">Dunkirk.</subfield></datafield><datafield ind1="0" ind2="0" tag="785"><subfield code="t">Timely news-topics</subfield><subfield code="w">(DLC)sn 92062108</subfield></datafield><datafield ind1="1" ind2=" " tag="029"><subfield code="a">AU@</subfield><subfield code="b">000025902129</subfield></datafield></record>